<?xml version="1.0" encoding="UTF-8"?>
<collection xmlns:xsi="http://www.w3.org/2001/XMLSchema-instance" xsi:schemaLocation="http://www.loc.gov/MARC21/slim http://www.loc.gov/standards/marcxml/schema/MARC21slim.xsd" xmlns="http://www.loc.gov/MARC21/slim">
<record>
  <leader>00998cam a22002531  4500</leader>
  <controlfield tag="001">3068277</controlfield>
  <controlfield tag="003">NNC</controlfield>
  <controlfield tag="005">20121018200944.0</controlfield>
  <controlfield tag="008">010820s1900    ir            000 0 ara d</controlfield>
  <datafield tag="035" ind1=" " ind2=" ">
    <subfield code="a">(OCoLC)ocm47806839</subfield>
  </datafield>
  <datafield tag="035" ind1=" " ind2=" ">
    <subfield code="9">ATP0723CU</subfield>
  </datafield>
  <datafield tag="035" ind1=" " ind2=" ">
    <subfield code="a">(NNC)3068277</subfield>
  </datafield>
  <datafield tag="040" ind1=" " ind2=" ">
    <subfield code="a">ZCU</subfield>
    <subfield code="c">ZCU</subfield>
  </datafield>
  <datafield tag="099" ind1=" " ind2=" ">
    <subfield code="a">893.79</subfield>
    <subfield code="a">Ah76</subfield>
  </datafield>
  <datafield tag="100" ind1="1" ind2=" ">
    <subfield code="a">Aḥsāʼī, Aḥmad ibn Zayn al-Dīn,</subfield>
    <subfield code="d">1753-1826.</subfield>
  </datafield>
  <datafield tag="245" ind1="1" ind2="0">
    <subfield code="a">Risālah fī sharḥ duʻāʾal-saḥar min shahr Ramaḍān al-mubārak.</subfield>
  </datafield>
  <datafield tag="260" ind1=" " ind2=" ">
    <subfield code="a">Ṭihrān,</subfield>
    <subfield code="c">1318 [1900]</subfield>
  </datafield>
  <datafield tag="300" ind1=" " ind2=" ">
    <subfield code="a">336 p.</subfield>
  </datafield>
  <datafield tag="500" ind1=" " ind2=" ">
    <subfield code="a">Includes also his Risālah fī sharḥ al-ramz. And the Risālah dar rafʻ-i baʻz̤ī az shubahāt dar masʾalah-i Bārītaʻālā, by ʻAbd al-Ṣamad ibn Muḥammad Ḥusayn.</subfield>
  </datafield>
  <datafield tag="650" ind1=" " ind2="0">
    <subfield code="a">Islam</subfield>
    <subfield code="v">Prayers and devotions.</subfield>
  </datafield>
  <datafield tag="700" ind1="1" ind2=" ">
    <subfield code="a">Kirmānī, Zayn al-ʻĀbidīn Khān.</subfield>
  </datafield>
  <datafield tag="740" ind1="0" ind2=" ">
    <subfield code="a">Risālah fī sharḥ al-ramz.</subfield>
  </datafield>
  <datafield tag="740" ind1="0" ind2=" ">
    <subfield code="a">Risālah dar rafʻ-i baʻz̤ī az shubahāt dar masʾalah-i ʻilm-i bārī.</subfield>
  </datafield>
  <datafield tag="955" ind1=" " ind2=" ">
    <subfield code="b">0061910791</subfield>
    <subfield code="d">glx</subfield>
    <subfield code="e">893.79 Ah76</subfield>
  </datafield>
</record>
</collection>